<record><leader>00000cas a2200000 a 4500</leader><controlfield tag="001">35299017</controlfield><controlfield tag="008">960824c19969999wiuzx ne      0    0eng c</controlfield><datafield ind1=" " ind2=" " tag="010"><subfield code="a">sn 00062021 </subfield></datafield><datafield ind1=" " ind2=" " tag="040"><subfield code="a">WIH</subfield><subfield code="b">eng</subfield><subfield code="c">WIH</subfield><subfield code="d">CVF</subfield><subfield code="d">OCLCQ</subfield><subfield code="d">OCLCF</subfield><subfield code="d">OCLCO</subfield><subfield code="d">OCLCA</subfield></datafield><datafield ind1="1" ind2=" " tag="029"><subfield code="a">AU@</subfield><subfield code="b">000021576263</subfield></datafield><datafield ind1=" " ind2=" " tag="042"><subfield code="a">pcc</subfield></datafield><datafield ind1=" " ind2=" " tag="043"><subfield code="a">n-us-wi</subfield></datafield><datafield ind1="0" ind2="0" tag="245"><subfield code="a">Mohican news.</subfield></datafield><datafield ind1="1" ind2=" " tag="246"><subfield code="i">At head of title:</subfield><subfield code="a">Mohican Nation Stockbridge-Munsee band</subfield></datafield><datafield ind1=" " ind2=" " tag="260"><subfield code="a">Bowler, Wis. :</subfield><subfield code="b">Stockbridge-Munsee Community,</subfield><subfield code="c">1996-</subfield></datafield><datafield ind1=" " ind2=" " tag="300"><subfield code="a">v. :</subfield><subfield code="b">ill. ;</subfield><subfield code="c">44 cm.</subfield></datafield><datafield ind1=" " ind2=" " tag="310"><subfield code="a">Every fifteen working days</subfield></datafield><datafield ind1="0" ind2=" " tag="362"><subfield code="a">Vol. 4, no. 9 (July 3, 1996)-</subfield></datafield><datafield ind1=" " ind2=" " tag="500"><subfield code="a">"The people of the waters that are never still."</subfield></datafield><datafield ind1=" " ind2="0" tag="650"><subfield code="a">Mohegan Indians</subfield><subfield code="v">Newspapers.</subfield></datafield><datafield ind1=" " ind2="0" tag="650"><subfield code="a">Indians of North America</subfield><subfield code="z">Wisconsin</subfield><subfield code="v">Newspapers.</subfield></datafield><datafield ind1=" " ind2="0" tag="651"><subfield code="a">Bowler (Wis.)</subfield><subfield code="v">Newspapers.</subfield></datafield><datafield ind1=" " ind2="7" tag="655"><subfield code="a">Newspapers.</subfield><subfield code="2">fast</subfield><subfield code="0">(OCoLC)fst01423814</subfield></datafield><datafield ind1=" " ind2="7" tag="650"><subfield code="a">Indians of North America.</subfield><subfield code="2">fast</subfield><subfield code="0">(OCoLC)fst00969633</subfield></datafield><datafield ind1=" " ind2="7" tag="650"><subfield code="a">Mohegan Indians.</subfield><subfield code="2">fast</subfield><subfield code="0">(OCoLC)fst01024590</subfield></datafield><datafield ind1=" " ind2="7" tag="651"><subfield code="a">Wisconsin.</subfield><subfield code="2">fast</subfield><subfield code="0">(OCoLC)fst01204595</subfield></datafield><datafield ind1=" " ind2="7" tag="651"><subfield code="a">Wisconsin</subfield><subfield code="z">Bowler.</subfield><subfield code="2">fast</subfield><subfield code="0">(OCoLC)fst01265666</subfield></datafield><datafield ind1="1" ind2=" " tag="710"><subfield code="a">Stockbridge Munsee Community, Wisconsin.</subfield></datafield><datafield ind1=" " ind2=" " tag="752"><subfield code="a">United States</subfield><subfield code="b">Wisconsin</subfield><subfield code="c">Shawano</subfield><subfield code="d">Bowler.</subfield></datafield><datafield ind1="0" ind2="0" tag="780"><subfield code="t">Stockbridge-Munsee Mohican news</subfield><subfield code="w">(DLC)sn 00062023</subfield><subfield code="w">(OCoLC)28596955</subfield></datafield></record>